<?xml version="1.0" encoding="UTF-8"?><collection xmlns="http://www.loc.gov/MARC21/slim"><record><leader>00305nam--2200121-i-4500</leader><controlfield tag="001">000038208</controlfield><controlfield tag="002">20161230</controlfield><controlfield tag="005">20161230201041</controlfield><controlfield tag="008">060222s1000------------r-----000-0-eng-d</controlfield><datafield ind1=" " ind2=" " tag="245"><subfield code="a">Reactor de pesquissas</subfield></datafield><datafield ind1=" " ind2=" " tag="260"><subfield code="a">Sao Paolo, Inst. De Energia Atomica, 1961. 25 P</subfield></datafield><datafield ind1=" " ind2=" " tag="490"><subfield code="a">Publicacao Iaea</subfield></datafield><datafield ind1=" " ind2=" " tag="852"><subfield code="a">18971</subfield></datafield></record></collection>